<?xml version="1.0" encoding="UTF-8"?>
<SOAP-ENV:Envelope xmlns:SOAP-ENV="http://schemas.xmlsoap.org/soap/envelope/" xmlns:of="http://oss.dbc.dk/ns/openformat" xmlns:ofo="http://oss.dbc.dk/ns/openformatoutput"><SOAP-ENV:Body><of:formatResponse><marc:record xmlns:marc="http://www.loc.gov/MARC21/slim"><leader>00000nmm a22000000c 4500</leader><controlfield tag="001">870970:28735596</controlfield><controlfield tag="003">DKDLA</controlfield><controlfield tag="005">20110425181215.0</controlfield><controlfield tag="007">cundefined||||</controlfield><controlfield tag="008">110408s2011    dk |||||||||| 00||umul||</controlfield><datafield ind1=" " ind2="0" tag="245"><subfield code="a">Matematik i Måneby</subfield></datafield><datafield ind1=" " ind2=" " tag="250"><subfield code="a">Ver. 1.03</subfield></datafield><datafield ind1=" " ind2=" " tag="260"><subfield code="b">[Bitfrost],</subfield><subfield code="c">[2011]</subfield></datafield><datafield ind1="0" ind2=" " tag="710"><subfield code="a">Bitfrost Interactive</subfield></datafield><datafield ind1=" " ind2=" " tag="856"><subfield code="z">Adgangsmåde: Internet </subfield><subfield code="u">http://downlaan.spilogmedier.dk/product/lp26063/ </subfield><subfield code="z">Adgang til lån for biblioteksbrugere i visse kommuner</subfield></datafield></marc:record></of:formatResponse></SOAP-ENV:Body></SOAP-ENV:Envelope>
